% bibfile from https://arxiv.org/abs/1806.11484
% review of Deep Learning in HEP

@techreport{CMS-DP-2017-013,
      title         = "{CMS Phase 1 heavy flavour identification performance and
                       developments}",
      author = "{CMS Collaboration}",
      month         = "May",
      year          = "2017",
      reportNumber  = "CMS-DP-2017-013",
      url           = "https://cds.cern.ch/record/2263802",
}

@techreport{CMS-DP-2017-027,
      title         = "{New Developments for Jet Substructure Reconstruction in
                       CMS}",
      author = "{CMS Collaboration}",
      month         = "Jul",
      year          = "2017",
      reportNumber  = "CMS-DP-2017-027",
      url           = "https://cds.cern.ch/record/2275226",
}

@book{Goodfellow-et-al-2016,
    title={Deep Learning},
    author={Ian Goodfellow and Yoshua Bengio and Aaron Courville},
    publisher={MIT Press},
    note={\url{http://www.deeplearningbook.org}},
    year={2016}
}

@article{maaten2008visualizing,
  title={Visualizing data using t-SNE},
  author={Maaten, Laurens van der and Hinton, Geoffrey},
  journal={Journal of Machine Learning Research},
  volume={9},
  number={Nov},
  pages={2579--2605},
  year={2008}
}

@inproceedings{he2016deep,
  title={Deep residual learning for image recognition},
  author={He, Kaiming and Zhang, Xiangyu and Ren, Shaoqing and Sun, Jian},
  booktitle={Proceedings of the IEEE conference on computer vision and pattern recognition},
  pages={770--778},
  year={2016}
}

@inproceedings{ioffe2015batch,
  title={Batch normalization: Accelerating deep network training by reducing internal covariate shift},
  author={Ioffe, Sergey and Szegedy, Christian},
  booktitle={International Conference on Machine Learning},
  pages={448--456},
  year={2015}
}

@ARTICLE{convnet, 
author={Y. Lecun and L. Bottou and Y. Bengio and P. Haffner}, 
journal={Proceedings of the IEEE}, 
title={Gradient-based learning applied to document recognition}, 
year={1998}, 
volume={86}, 
number={11}, 
pages={2278-2324}, 
keywords={backpropagation;convolution;multilayer perceptrons;optical character recognition;2D shape variability;GTN;back-propagation;cheque reading;complex decision surface synthesis;convolutional neural network character recognizers;document recognition;document recognition systems;field extraction;gradient based learning technique;gradient-based learning;graph transformer networks;handwritten character recognition;handwritten digit recognition task;high-dimensional patterns;language modeling;multilayer neural networks;multimodule systems;performance measure minimization;segmentation recognition;Character recognition;Feature extraction;Hidden Markov models;Machine learning;Multi-layer neural network;Neural networks;Optical character recognition software;Optical computing;Pattern recognition;Principal component analysis}, 
doi={10.1109/5.726791}, 
ISSN={0018-9219}, 
month={Nov},}

@techreport{CMS-PAS-SUS-16-044,
      title         = "{Search for the pair production of Higgsinos in pp
                       collisions at $\sqrt s = 13~\mathrm{TeV}$ in final states
                       with Higgs bosons and large missing transverse momentum}",
      institution   = "CERN",
      author = "{CMS Collaboration}",
      address       = "Geneva",
      number        = "CMS-PAS-SUS-16-044",
      year          = "2017",
      reportNumber  = "CMS-PAS-SUS-16-044",
      url           = "https://cds.cern.ch/record/2256648",
}

@techreport{DeepJetNIPS,
      author = "{CMS Collaboration}",
      year          = "2017",
      reportNumber  = "Deep Learning for Physical Sciences, NIPS 2017 ",
      number  = "Deep Learning for Physical Sciences, NIPS 2017 ",
      url           = "https://dl4physicalsciences.github.io/files/nips_dlps_2017_10.pdf",
}

@article{Alves:2017she,
      author         = "Alves, Jr, Antonio Augusto and others",
      title          = "{A Roadmap for HEP Software and Computing R\&D for the
                        2020s}",
      year           = "2017",
      eprint         = "1712.06982",
      archivePrefix  = "arXiv",
      primaryClass   = "physics.comp-ph",
      reportNumber   = "HSF-CWP-2017-001, HSF-CWP-2017-01,
                        FERMILAB-PUB-17-607-CD",
      SLACcitation   = "%%CITATION = ARXIV:1712.06982;%%"
}


@article{Stevens:2013dya,
      author         = "Stevens, Justin and Williams, Mike",
      title          = "{uBoost: A boosting method for producing uniform
                        selection efficiencies from multivariate classifiers}",
      journal        = "JINST",
      volume         = "8",
      year           = "2013",
      pages          = "P12013",
      doi            = "10.1088/1748-0221/8/12/P12013",
      eprint         = "1305.7248",
      archivePrefix  = "arXiv",
      primaryClass   = "nucl-ex",
      SLACcitation   = "%%CITATION = ARXIV:1305.7248;%%"
}

@techreport{ProbProg,
      author = "Mario Lezcano Casado and others",
      year          = "2017",
      reportNumber  = "Deep Learning for Physical Sciences, NIPS 2017 ",
      number  = "Deep Learning for Physical Sciences, NIPS 2017 ",
      howpublished           = "https://dl4physicalsciences.github.io/files/nips_dlps_2017_30.pdf",
}

@article{le2016inference,
  title={Inference compilation and universal probabilistic programming},
  author={Le, Tuan Anh and Baydin, Atilim Gunes and Wood, Frank},
  journal={arXiv preprint arXiv:1610.09900},
  year={2016}
}


@techreport{CMS-DP-2017-049,
      author = "{CMS Collaboration}",
      institution = "CERN",
      year          = "2017",
      reportNumber  = "CMS-DP-2017-049",
      number  = "CMS-DP-2017-049",
      url           = "https://cds.cern.ch/record/2295725",
}

@techreport{emClassificationNIPS,
      title         = "{Survey of Machine Learning Techniques for High Energy Electromagnetic Shower Classification}",
      author = "Michela Paganini, Luke de Oliveira and Benjamin Nachman",
      month         = "Dec",
      year          = "2017",
      reportNumber  = "Deep Learning for Physical Sciences, NIPS 2017 ",
      url           = "https://dl4physicalsciences.github.io/files/nips_dlps_2017_24.pdf",
}

@techreport{trackingNIPS,
      author = "Steven Farrell and others",
      year          = "2017",
      reportNumber  = "Deep Learning for Physical Sciences, NIPS 2017 ",
      url           = "https://dl4physicalsciences.github.io/files/nips_dlps_2017_28.pdf"
}

@techreport{jetsAsGraphsNIPS,
      author = "Isaac Henrion and others",
      month         = "Dec",
      year          = "2017",
      reportNumber  = "Deep Learning for Physical Sciences, NIPS 2017 ",
      number  = "Deep Learning for Physical Sciences, NIPS 2017 ",
      url           = "https://dl4physicalsciences.github.io/files/nips_dlps_2017_28.pdf",
}

@article{DBLP:journals/corr/BronsteinBLSV16,
  author    = {Michael M. Bronstein and
               Joan Bruna and
               Yann LeCun and
               Arthur Szlam and
               Pierre Vandergheynst},
  title     = {Geometric deep learning: going beyond Euclidean data},
  journal   = {CoRR},
  volume    = {abs/1611.08097},
  year      = {2016},
  url       = {http://arxiv.org/abs/1611.08097},
  archivePrefix = {arXiv},
  eprint    = {1611.08097},
  timestamp = {Wed, 07 Jun 2017 14:41:47 +0200},
  biburl    = {http://dblp.org/rec/bib/journals/corr/BronsteinBLSV16},
  bibsource = {dblp computer science bibliography, http://dblp.org}
}


@article{heptrkx,
	author = {{Farrell, Steven} and others},
	DOI= "10.1051/epjconf/201715000003",
	url= "https://doi.org/10.1051/epjconf/201715000003",
	journal = {EPJ Web Conf.},
	year = 2017,
	volume = 150,
	pages = "00003",
}

@techreport{tracking.hllhc,
      title         = "{Tracking at HL-LHC and FCC (2015) }",
      author = "A. Salzburger",
      month         = "Dec",
      year          = "2015",
      reportNumber  = " ",
      url           = "https://indico.hephy.oeaw.ac.at/event/86/session/2/contribution/4",
}

@article{Aad:2014yva,
      author         = "Aad, Georges and others",
      title          = "{A neural network clustering algorithm for the ATLAS
                        silicon pixel detector}",
      collaboration  = "ATLAS",
      journal        = "JINST",
      volume         = "9",
      year           = "2014",
      pages          = "P09009",
      doi            = "10.1088/1748-0221/9/09/P09009",
      eprint         = "1406.7690",
      archivePrefix  = "arXiv",
      primaryClass   = "hep-ex",
      reportNumber   = "CERN-PH-EP-2014-120",
      SLACcitation   = "%%CITATION = ARXIV:1406.7690;%%"
}



@article{Frate:2017mai,
      author         = "Frate, Meghan and Cranmer, Kyle and Kalia, Saarik and
                        Vandenberg-Rodes, Alexander and Whiteson, Daniel",
      title          = "{Modeling Smooth Backgrounds and Generic Localized
                        Signals with Gaussian Processes}",
      year           = "2017",
      eprint         = "1709.05681",
      archivePrefix  = "arXiv",
      primaryClass   = "physics.data-an",
      SLACcitation   = "%%CITATION = ARXIV:1709.05681;%%"
}

@article{DBLP:journals/corr/LuoS17a,
  author    = {Chen Luo and
               Anshumali Shrivastava},
  title     = {Arrays of (locality-sensitive) Count Estimators {(ACE):} High-Speed
               Anomaly Detection via Cache Lookups},
  journal   = {CoRR},
  volume    = {abs/1706.06664},
  year      = {2017},
  url       = {http://arxiv.org/abs/1706.06664},
  archivePrefix = {arXiv},
  eprint    = {1706.06664},
  timestamp = {Mon, 03 Jul 2017 13:29:02 +0200},
  biburl    = {http://dblp.org/rec/bib/journals/corr/LuoS17a},
  bibsource = {dblp computer science bibliography, http://dblp.org}
}

@article{Elmer:2017rej,
      author         = "Elmer, Peter and Neubauer, Mark and Sokoloff, Michael D.",
      title          = "{Strategic Plan for a Scientific Software Innovation
                        Institute (S2I2) for High Energy Physics}",
      year           = "2017",
      eprint         = "1712.06592",
      archivePrefix  = "arXiv",
      primaryClass   = "physics.comp-ph",
      SLACcitation   = "%%CITATION = ARXIV:1712.06592;%%"
}


@article{Sirunyan:2017ezt,
      author         = "Sirunyan, Albert M and others",
      title          = "{Identification of heavy-flavour jets with the CMS
                        detector in pp collisions at 13 TeV}",
      collaboration  = "CMS",
      year           = "2017",
      eprint         = "1712.07158",
      archivePrefix  = "arXiv",
      primaryClass   = "physics.ins-det",
      reportNumber   = "CMS-BTV-16-002, CERN-EP-2017-326",
      SLACcitation   = "%%CITATION = ARXIV:1712.07158;%%"
}


@article{DBLP:journals/corr/LeBW16,
  author    = {Tuan Anh Le and
               Atilim Gunes Baydin and
               Frank D. Wood},
  title     = {Inference Compilation and Universal Probabilistic Programming},
  journal   = {CoRR},
  volume    = {abs/1610.09900},
  year      = {2016},
  url       = {http://arxiv.org/abs/1610.09900},
  archivePrefix = {arXiv},
  eprint    = {1610.09900},
  timestamp = {Mon, 13 Nov 2017 17:51:53 +0100},
  biburl    = {http://dblp.org/rec/bib/journals/corr/LeBW16},
  bibsource = {dblp computer science bibliography, http://dblp.org}
}

@misc{carl,
 author        =  {Louppe, Gilles and Cranmer, Kyle and Pavez, Juan},
  howpublished="J. Open Source Softw., doi:10.21105/joss.00011", 
  note="\url{http://diana-hep.org/carl/}"
}


@misc{pyroweb,
  title = {{Pyro}},
  howpublished="\url{http://pyro.ai}"
}

@misc{pyro,
  title = {{Pyro GitHub repo}},
  howpublished="\url{https://github.com/uber/pyro}"
}

@ARTICLE{spearmint,
   author = {{Snoek}, J. and {Larochelle}, H. and {Adams}, R.~P.},
    title = "{Practical Bayesian Optimization of Machine Learning Algorithms}",
  journal = {ArXiv e-prints},
archivePrefix = "arXiv",
   eprint = {1206.2944},
 primaryClass = "stat.ML",
 keywords = {Statistics - Machine Learning, Computer Science - Learning},
     year = 2012
}

@ARTICLE{avo,
   author = {{Louppe}, G. and {Cranmer}, K.},
    title = "{Adversarial Variational Optimization of Non-Differentiable Simulators}",
  journal = {ArXiv e-prints},
archivePrefix = "arXiv",
   eprint = {1707.07113},
 primaryClass = "stat.ML",
 keywords = {Statistics - Machine Learning, Computer Science - Learning},
     year = 2017
}
@article{Ilten:2016csi,
      author         = "Ilten, Philip and Williams, Mike and Yang, Yunjie",
      title          = "{Event generator tuning using Bayesian optimization}",
      journal        = "JINST",
      volume         = "12",
      year           = "2017",
      number         = "04",
      pages          = "P04028",
      doi            = "10.1088/1748-0221/12/04/P04028",
      eprint         = "1610.08328",
      archivePrefix  = "arXiv",
      primaryClass   = "physics.data-an",
      SLACcitation   = "%%CITATION = ARXIV:1610.08328;%%"
}

@article{Cranmer:2010hk,
      author         = "Cranmer, Kyle and Yavin, Itay",
      title          = "{RECAST: Extending the Impact of Existing Analyses}",
      journal        = "JHEP",
      volume         = "04",
      year           = "2011",
      pages          = "038",
      doi            = "10.1007/JHEP04(2011)038",
      eprint         = "1010.2506",
      archivePrefix  = "arXiv",
      primaryClass   = "hep-ex",
      SLACcitation   = "%%CITATION = ARXIV:1010.2506;%%"
}

@article{Cranmer:2017frf,
      author         = "Cranmer, Kyle and Heinrich, Lukas",
      title          = "{Yadage and Packtivity - analysis preservation using
                        parametrized workflows}",
      booktitle      = "{Proceedings, 22nd International Conference on Computing
                        in High Energy and Nuclear Physics (CHEP2016): San
                        Francisco, CA, October 14-16, 2016}",
      journal        = "J. Phys. Conf. Ser.",
      volume         = "898",
      year           = "2017",
      number         = "10",
      pages          = "102019",
      doi            = "10.1088/1742-6596/898/10/102019",
      eprint         = "1706.01878",
      archivePrefix  = "arXiv",
      primaryClass   = "physics.data-an",
      SLACcitation   = "%%CITATION = ARXIV:1706.01878;%%"
}

@article{Metodiev:2017vrx,
      author         = "Metodiev, Eric M. and Nachman, Benjamin and Thaler,
                        Jesse",
      title          = "{Classification without labels: Learning from mixed
                        samples in high energy physics}",
      journal        = "JHEP",
      volume         = "10",
      year           = "2017",
      pages          = "174",
      doi            = "10.1007/JHEP10(2017)174",
      eprint         = "1708.02949",
      archivePrefix  = "arXiv",
      primaryClass   = "hep-ph",
      reportNumber   = "MIT--CTP-4922",
      SLACcitation   = "%%CITATION = ARXIV:1708.02949;%%"
}

@techreport{CMS-DP-2017-005,
      author = "{CMS Collaboration}",
      year          = "2017",
      reportNumber  = "CMS-DP-2017-005",
      number  = "CMS-DP-2017-005",
     institution = "CERN",
      url           = "http://cds.cern.ch/record/2255736",
}

@ARTICLE{vopt,
   author = {{Staines}, J. and {Barber}, D.},
    title = "{Variational Optimization}",
  journal = {ArXiv e-prints},
archivePrefix = "arXiv",
   eprint = {1212.4507},
 primaryClass = "stat.ML",
 keywords = {Statistics - Machine Learning, Computer Science - Learning, Computer Science - Numerical Analysis, 65K10, G.1.6},
     year = 2012
}


@misc{sckopt,
  title = "Scikit-optimize",
  howpublished="\url{https://scikit-optimize.github.io/}"
}

@misc{edward,
  title = {{edward}},
  howpublished="\url{http://edwardlib.org}"
}

@article{tran2016edward,
  author = {Dustin Tran and Alp Kucukelbir and Adji B. Dieng and Maja Rudolph and Dawen Liang and David M. Blei},
  title = {{Edward: A library for probabilistic modeling, inference, and criticism}},
  journal = {arXiv preprint arXiv:1610.09787},
  year = {2016}
}


@article{Aaltonen:2008bd,
      author         = "Aaltonen, T. and others",
      title          = "{Measurement of the top quark mass with dilepton events
                        selected using neuroevolution at CDF}",
      collaboration  = "CDF",
      journal        = "Phys. Rev. Lett.",
      volume         = "102",
      year           = "2009",
      pages          = "152001",
      doi            = "10.1103/PhysRevLett.102.152001",
      eprint         = "0807.4652",
      archivePrefix  = "arXiv",
      primaryClass   = "hep-ex",
      reportNumber   = "FERMILAB-PUB-08-369-E",
      SLACcitation   = "%%CITATION = ARXIV:0807.4652;%%"
}


@article{CMSHIGGS,
      author         = "Chatrchyan, S. and others",
      title          = "{Observation of a new boson at a mass of 125 GeV with the
                        CMS experiment at the LHC}",
      collaboration  = "{CMS Collaboration}",
      journal        = "Phys.Lett.",
      volume         = "B716",
      pages          = "30-61",
      doi            = "10.1016/j.physletb.2012.08.021",
      year           = "2012",
      eprint         = "1207.7235",
      archivePrefix  = "arXiv",
      primaryClass   = "hep-ex",
      reportNumber   = "CMS-HIG-12-028, CERN-PH-EP-2012-220",
      SLACcitation   = "%%CITATION = ARXIV:1207.7235;%%",
}


@article{ATLASHIGGS,
      author         = "Aad, G. and others",
      title          = "{Observation of a new particle in the search for the
                        Standard Model Higgs boson with the ATLAS detector at the
                        LHC}",
      collaboration  = "ATLAS Collaboration",
      journal        = "Phys.Lett.",
      volume         = "B716",
      pages          = "1-29",
      doi            = "10.1016/j.physletb.2012.08.020",
      year           = "2012",
      eprint         = "1207.7214",
      archivePrefix  = "arXiv",
      primaryClass   = "hep-ex",
      reportNumber   = "CERN-PH-EP-2012-218",
      SLACcitation   = "%%CITATION = ARXIV:1207.7214;%%",
}

@inproceedings{krizhevsky2012imagenet,
  title={Imagenet classification with deep convolutional neural networks},
  author={Krizhevsky, Alex and Sutskever, Ilya and Hinton, Geoffrey E},
  booktitle={Advances in neural information processing systems},
  pages={1097--1105},
  year={2012}
}

@article{imagenet-challenge,
Author = {Olga Russakovsky and Jia Deng and Hao Su and Jonathan Krause and Sanjeev Satheesh and Sean Ma and Zhiheng Huang and Andrej Karpathy and Aditya Khosla and Michael Bernstein and Alexander C. Berg and Li Fei-Fei},
Title = {{ImageNet Large Scale Visual Recognition Challenge}},
Year = {2015},
journal   = {International Journal of Computer Vision (IJCV)},
doi = {10.1007/s11263-015-0816-y},
volume={115},
number={3},
pages={211-252}
}


@article{Peterson:1988gs,
      author         = "Peterson, Carsten",
      title          = "{Track Finding With Neural Networks}",
      journal        = "Nucl. Instrum. Meth.",
      volume         = "A279",
      year           = "1989",
      pages          = "537",
      doi            = "10.1016/0168-9002(89)91300-4",
      reportNumber   = "LU-TP-88-8",
      SLACcitation   = "%%CITATION = NUIMA,A279,537;%%"
}


@Article{Agostinelli:2002hh,
     author    = "Agostinelli, S. and others",
     collaboration = "GEANT4",
     title     = "{GEANT4: a simulation toolkit}",
     journal   = "Nucl. Instrum. Meth. A",
     volume    = "506",
     year      = "2003",
     pages     = "250--303",
     doi       = "10.1016/S0168-9002(03)01368-8",
     reportNumber   = "SLAC-PUB-9350, FERMILAB-PUB-03-339",
     SLACcitation  = "%%CITATION = NUIMA,A506,250;%%"
}

@article{Gleisberg:2008ta,
      author         = "Gleisberg, T. and Hoeche, Stefan. and Krauss, F. and
                        Schonherr, M. and Schumann, S. and Siegert, F. and Winter,
                        J.",
      title          = "{Event generation with SHERPA 1.1}",
      journal        = "JHEP",
      volume         = "02",
      year           = "2009",
      pages          = "007",
      doi            = "10.1088/1126-6708/2009/02/007",
      eprint         = "0811.4622",
      archivePrefix  = "arXiv",
      primaryClass   = "hep-ph",
      reportNumber   = "FERMILAB-PUB-08-477-T, SLAC-PUB-13420, ZU-TH-17-08,
                        DCPT-08-138, IPPP-08-69, EDINBURGH-2008-30, MCNET-08-14",
      SLACcitation   = "%%CITATION = ARXIV:0811.4622;%%"
}

@article{Alwall:2014hca,
      author         = "Alwall, J. and Frederix, R. and Frixione, S. and Hirschi,
                        V. and Maltoni, F. and Mattelaer, O. and Shao, H. -S. and
                        Stelzer, T. and Torrielli, P. and Zaro, M.",
      title          = "{The automated computation of tree-level and
                        next-to-leading order differential cross sections, and
                        their matching to parton shower simulations}",
      journal        = "JHEP",
      volume         = "07",
      year           = "2014",
      pages          = "079",
      doi            = "10.1007/JHEP07(2014)079",
      eprint         = "1405.0301",
      archivePrefix  = "arXiv",
      primaryClass   = "hep-ph",
      reportNumber   = "CERN-PH-TH-2014-064, CP3-14-18, LPN14-066, MCNET-14-09,
                        ZU-TH-14-14",
      SLACcitation   = "%%CITATION = ARXIV:1405.0301;%%"
}

@article{Bahr:2008pv,
      author         = "Bahr, M. and others",
      title          = "{Herwig++ Physics and Manual}",
      journal        = "Eur. Phys. J.",
      volume         = "C58",
      year           = "2008",
      pages          = "639-707",
      doi            = "10.1140/epjc/s10052-008-0798-9",
      eprint         = "0803.0883",
      archivePrefix  = "arXiv",
      primaryClass   = "hep-ph",
      reportNumber   = "CERN-PH-TH-2008-038, CAVENDISH-HEP-08-03, KA-TP-05-2008,
                        DCPT-08-22, IPPP-08-11, CP3-08-05",
      SLACcitation   = "%%CITATION = ARXIV:0803.0883;%%"
}

@article{Sjostrand:2006za,
      author         = "Sjostrand, Torbjorn and Mrenna, Stephen and Skands, Peter
                        Z.",
      title          = "{PYTHIA 6.4 Physics and Manual}",
      journal        = "JHEP",
      volume         = "0605",
      pages          = "026",
      doi            = "10.1088/1126-6708/2006/05/026",
      year           = "2006",
      eprint         = "hep-ph/0603175",
      archivePrefix  = "arXiv",
      primaryClass   = "hep-ph",
      reportNumber   = "FERMILAB-PUB-06-052-CD-T, LU-TP-06-13",
      SLACcitation   = "%%CITATION = HEP-PH/0603175;%%",
}

@article{Kohne:1997ph,
      author         = "Kohne, J. K. and others",
      title          = "{Realization of a second level neural network trigger for
                        the H1 experiment at HERA}",
      booktitle      = "{New computing techniques in physics research V.
                        Proceedings, 5th International Workshop, AIHENP '96,
                        Lausanne, Switzerland, September 2-6, 1996}",
      journal        = "Nucl. Instrum. Meth.",
      volume         = "A389",
      year           = "1997",
      pages          = "128-133",
      doi            = "10.1016/S0168-9002(97)00062-4",
      SLACcitation   = "%%CITATION = NUIMA,A389,128;%%"
}

@article{Cranmer:2015bka,
      author         = "Cranmer, Kyle and Pavez, Juan and Louppe, Gilles",
      title          = "{Approximating Likelihood Ratios with Calibrated
                        Discriminative  Classifiers}",
      year           = "2015",
      eprint         = "1506.02169",
      archivePrefix  = "arXiv",
      primaryClass   = "stat.AP",
      SLACcitation   = "%%CITATION = ARXIV:1506.02169;%%"
}

@article{Baldi:2016fzo,
      author         = "Baldi, Pierre and Cranmer, Kyle and Faucett, Taylor and
                        Sadowski, Peter and Whiteson, Daniel",
      title          = "{Parameterized neural networks for high-energy physics}",
      journal        = "Eur. Phys. J.",
      volume         = "C76",
      year           = "2016",
      number         = "5",
      pages          = "235",
      doi            = "10.1140/epjc/s10052-016-4099-4",
      eprint         = "1601.07913",
      archivePrefix  = "arXiv",
      primaryClass   = "hep-ex",
      SLACcitation   = "%%CITATION = ARXIV:1601.07913;%%"
}

@article{Louppe:2016aov,
      author         = "Louppe, Gilles and Cranmer, Kyle and Pavez, Juan",
      title          = "{carl: a likelihood-free inference toolbox}",
      journal        = "J. Open Source Softw.",
      year           = "2016",
      doi            = "10.21105/joss.00011",
      SLACcitation   = "%%CITATION = INSPIRE-1459310;%%"
}

@article{Brehmer:2016nyr,
      author         = "Brehmer, Johann and Cranmer, Kyle and Kling, Felix and
                        Plehn, Tilman",
      title          = "{Better Higgs boson measurements through information
                        geometry}",
      journal        = "Phys. Rev.",
      volume         = "D95",
      year           = "2017",
      number         = "7",
      pages          = "073002",
      doi            = "10.1103/PhysRevD.95.073002",
      eprint         = "1612.05261",
      archivePrefix  = "arXiv",
      primaryClass   = "hep-ph",
      SLACcitation   = "%%CITATION = ARXIV:1612.05261;%%"
}
@article{Dery:2017fap,
      author         = "Dery, Lucio Mwinmaarong and Nachman, Benjamin and Rubbo,
                        Francesco and Schwartzman, Ariel",
      title          = "{Weakly Supervised Classification in High Energy
                        Physics}",
      journal        = "JHEP",
      volume         = "05",
      year           = "2017",
      pages          = "145",
      doi            = "10.1007/JHEP05(2017)145",
      eprint         = "1702.00414",
      archivePrefix  = "arXiv",
      primaryClass   = "hep-ph",
      SLACcitation   = "%%CITATION = ARXIV:1702.00414;%%"
}

@article{Chang:2017kvc,
      author         = "Chang, Spencer and Cohen, Timothy and Ostdiek, Bryan",
      title          = "{What is the Machine Learning?}",
      year           = "2017",
      eprint         = "1709.10106",
      archivePrefix  = "arXiv",
      primaryClass   = "hep-ph",
      SLACcitation   = "%%CITATION = ARXIV:1709.10106;%%"
}

@article{Abramowicz:1995zi,
      author         = "Abramowicz, Halina and Caldwell, Allen and Sinkus, Ralph",
      title          = "{Neural network based electron identification in the ZEUS
                        calorimeter}",
      journal        = "Nucl. Instrum. Meth.",
      volume         = "A365",
      year           = "1995",
      pages          = "508-517",
      doi            = "10.1016/0168-9002(95)00612-5",
      eprint         = "hep-ex/9505004",
      archivePrefix  = "arXiv",
      primaryClass   = "hep-ex",
      reportNumber   = "DESY-95-054",
      SLACcitation   = "%%CITATION = HEP-EX/9505004;%%"
}

@article{Abazov:2004vd,
      author         = "Abazov, V. M. and others",
      title          = "{First measurement of $\sigma$ ($p \bar{p} \to Z^{)}$ .
                        Br ($Z \to \tau \tau^{)}$ at $\sqrt{s}$ = 1.96- TeV}",
      collaboration  = "D0",
      journal        = "Phys. Rev.",
      volume         = "D71",
      year           = "2005",
      pages          = "072004",
      doi            = "10.1103/PhysRevD.77.039901, 10.1103/PhysRevD.71.072004",
      note           = "[Erratum: Phys. Rev.D77,039901(2008)]",
      eprint         = "hep-ex/0412020",
      archivePrefix  = "arXiv",
      primaryClass   = "hep-ex",
      reportNumber   = "FERMILAB-PUB-04-381-E",
      SLACcitation   = "%%CITATION = HEP-EX/0412020;%%"
}

@article{Aaltonen:2009jg,
      author         = "{CDF Collaboration}",
      journal        = "Phys. Rev. Lett.",
      volume         = "104",
      year           = "2010",
      pages          = "141801",
      doi            = "10.1103/PhysRevLett.104.141801",
      eprint         = "0911.3935",
      archivePrefix  = "arXiv",
      primaryClass   = "hep-ex",
      reportNumber   = "FERMILAB-PUB-09-586-E",
      SLACcitation   = "%%CITATION = ARXIV:0911.3935;%%"
}

@article{Abazov2001282,
title = "Search for single top quark production at DØ using neural networks ",
journal = "Physics Letters B ",
volume = "517",
number = "3–4",
pages = "282 - 294",
year = "2001",
note = "",
issn = "0370-2693",
doi = "https://doi.org/10.1016/S0370-2693(01)01009-7",
url = "https://www.sciencedirect.com/science/article/pii/S0370269301010097",
author = "{DZero Collaboration}"
}

@article{ABREU1992383,
author = "{DELPHI Collaboration}",
journal = "Physics Letters B",
volume = "295",
number = "3",
pages = "383 - 395",
year = "1992",
issn = "0370-2693",
doi = "https://doi.org/10.1016/0370-2693(92)91580-3",
url = "http://www.sciencedirect.com/science/article/pii/0370269392915803",
}

@article{hornik_multilayer_1989,
	volume = {2},
	issn = {0893-6080},
	url = {http://dx.doi.org/10.1016/0893-6080(89)90020-8},
	number = {5},
	urldate = {2013-10-22},
	journal = {Neural Netw.},
	author = {Hornik, K. and Stinchcombe, M. and White, H.},
	month = jul,
	year = {1989},
	pages = {359–366},
	annote = {Citation for ability of single-hidden layer networks approximating any function.}
}

@article{bengio1994learning,
  title={Learning long-term dependencies with gradient descent is difficult},
  author={Bengio, Y. and Simard, P. and Frasconi, P.},
  journal={Neural Networks, IEEE Transactions on},
  volume={5},
  number={2},
  pages={157--166},
  year={1994},
  publisher={IEEE}
}

@article{dropout2012,
author={G.E. Hinton and N. Srivastava and A. Krizhevsky 
and I. Sutskever and R. R. Salakhutdinov},
title={Improving neural networks by preventing co-adaptation of feature detectors},
journal={arXiv:1207.0580},
year = {2012},
}

@article{hinton_fast_2006,
	volume = {18},
	issn = {0899-7667},
	number = {7},
	journal = {Neural Computation},
	author = {Hinton, Geoffrey E. and Osindero, Simon and Teh, Yee-Whye},
	year = {2006},
	pages = {1527--1554},
},

@inproceedings{bengio_greedy_2007,
	booktitle = {{NIPS}},
	publisher = {{MIT} Press},
	author = {Bengio, Yoshua and Lamblin, Pascal and Popovici, Dan and Larochelle, Hugo and Montreal, Universite De and Quabec, Montreal},
	year = {2007},
	annote = {As far as I know, first suggestion of using autoencoders to pretrain networks instead of {RBM.}},
	file = {Citeseer - Full Text PDF:/home/pjsadows/.zotero/zotero/o0evtt3z.default/zotero/storage/DC69MBXV/Bengio et al. - 2007 - Greedy layer-wise training of deep networks.pdf:application/pdf;Citeseer - Snapshot:/home/pjsadows/.zotero/zotero/o0evtt3z.default/zotero/storage/U56U44BT/summary.html:text/html}
}


@book{hochreiter_recurrent_1998,
	title = {Recurrent Neural Net Learning and Vanishing Gradient},
	author = {Hochreiter, Sepp},
        note = {Thesis},
	year = {1998},
	annote = {A good citation for the vanishing gradient problem, even though Hochreiter's German thesis on this was in 1991.
 },
	file = {Citeseer - Full Text PDF:/home/pjsadows/.zotero/zotero/o0evtt3z.default/zotero/storage/WWQUFS76/Hochreiter - 1998 - Recurrent Neural Net Learning and Vanishing Gradie.pdf:application/pdf;Citeseer - Snapshot:/home/pjsadows/.zotero/zotero/o0evtt3z.default/zotero/storage/JWI6GJUE/summary.html:text/html}
}

@article{Baldi:2014kfa,
      author         = "Baldi, Pierre and Sadowski, Peter and Whiteson, Daniel",
      title          = "{Searching for Exotic Particles in High-Energy Physics
                        with Deep Learning}",
      journal        = "Nature Commun.",
      volume         = "5",
      year           = "2014",
      pages          = "4308",
      doi            = "10.1038/ncomms5308",
      eprint         = "1402.4735",
      archivePrefix  = "arXiv",
      primaryClass   = "hep-ph",
      SLACcitation   = "%%CITATION = ARXIV:1402.4735;%%"
}


@techreport{CMS-DP-2017-012,
      author = "{CMS Collaboration}",
      month         = "May",
      year          = "2017",
      reportNumber  = "CMS-DP-2017-012",
      number  = "CMS-DP-2017-012",
     institution = "CERN",
      url           = "https://cds.cern.ch/record/2263801",
}


@article{Komiske:2016rsd,
      author         = "Komiske, Patrick T. and Metodiev, Eric M. and Schwartz,
                        Matthew D.",
      title          = "{Deep learning in color: towards automated quark/gluon
                        jet discrimination}",
      journal        = "JHEP",
      volume         = "01",
      year           = "2017",
      pages          = "110",
      doi            = "10.1007/JHEP01(2017)110",
      eprint         = "1612.01551",
      archivePrefix  = "arXiv",
      primaryClass   = "hep-ph",
      reportNumber   = "MIT-CTP-4866",
      SLACcitation   = "%%CITATION = ARXIV:1612.01551;%%"
}

@article{Barnard:2016qma,
      author         = "Barnard, James and Dawe, Edmund Noel and Dolan, Matthew
                        J. and Rajcic, Nina",
      title          = "{Parton Shower Uncertainties in Jet Substructure Analyses
                        with Deep Neural Networks}",
      journal        = "Phys. Rev.",
      volume         = "D95",
      year           = "2017",
      number         = "1",
      pages          = "014018",
      doi            = "10.1103/PhysRevD.95.014018",
      eprint         = "1609.00607",
      archivePrefix  = "arXiv",
      primaryClass   = "hep-ph",
      SLACcitation   = "%%CITATION = ARXIV:1609.00607;%%"
}

@article{Baldi:2016fql,
      author         = "Baldi, Pierre and Bauer, Kevin and Eng, Clara and
                        Sadowski, Peter and Whiteson, Daniel",
      title          = "{Jet Substructure Classification in High-Energy Physics
                        with Deep Neural Networks}",
      journal        = "Phys. Rev.",
      volume         = "D93",
      year           = "2016",
      number         = "9",
      pages          = "094034",
      doi            = "10.1103/PhysRevD.93.094034",
      eprint         = "1603.09349",
      archivePrefix  = "arXiv",
      primaryClass   = "hep-ex",
      SLACcitation   = "%%CITATION = ARXIV:1603.09349;%%"
}

@article{Kasieczka:2017nvn,
      author         = "Kasieczka, Gregor and Plehn, Tilman and Russell, Michael
                        and Schell, Torben",
      title          = "{Deep-learning Top Taggers or The End of QCD?}",
      journal        = "JHEP",
      volume         = "05",
      year           = "2017",
      pages          = "006",
      doi            = "10.1007/JHEP05(2017)006",
      eprint         = "1701.08784",
      archivePrefix  = "arXiv",
      primaryClass   = "hep-ph",
      reportNumber   = "MCNET-17-07",
      SLACcitation   = "%%CITATION = ARXIV:1701.08784;%%"
}

@article{deOliveira:2015xxd,
      author         = "de Oliveira, Luke and Kagan, Michael and Mackey, Lester
                        and Nachman, Benjamin and Schwartzman, Ariel",
      title          = "{Jet-images — deep learning edition}",
      journal        = "JHEP",
      volume         = "07",
      year           = "2016",
      pages          = "069",
      doi            = "10.1007/JHEP07(2016)069",
      eprint         = "1511.05190",
      archivePrefix  = "arXiv",
      primaryClass   = "hep-ph",
      SLACcitation   = "%%CITATION = ARXIV:1511.05190;%%"
}

@article{mljetsws,
author = "{Machine Learning for Jet Physics workshop}",
year = "2017",
 journal="\\\url{https://indico.physics.lbl.gov/indico/event/546/overview}"
 }

@article{Larkoski:2017jix,
      author         = "Larkoski, Andrew J. and Moult, Ian and Nachman, Benjamin",
      title          = "{Jet Substructure at the Large Hadron Collider: A Review
                        of Recent Advances in Theory and Machine Learning}",
      year           = "2017",
      eprint         = "1709.04464",
      archivePrefix  = "arXiv",
}

@article{Almeida:2015jua,
      author         = "Almeida, Leandro G. and Backović, Mihailo and Cliche,
                        Mathieu and Lee, Seung J. and Perelstein, Maxim",
      title          = "{Playing Tag with ANN: Boosted Top Identification with
                        Pattern Recognition}",
      journal        = "JHEP",
      volume         = "07",
      year           = "2015",
      pages          = "086",
      doi            = "10.1007/JHEP07(2015)086",
      eprint         = "1501.05968",
      archivePrefix  = "arXiv",
      primaryClass   = "hep-ph",
      reportNumber   = "CP3-15-01",
      SLACcitation   = "%%CITATION = ARXIV:1501.05968;%%"
}

@article{Cogan:2014oua,
      author         = "Cogan, Josh and Kagan, Michael and Strauss, Emanuel and
                        Schwarztman, Ariel",
      title          = "{Jet-Images: Computer Vision Inspired Techniques for Jet
                        Tagging}",
      journal        = "JHEP",
      volume         = "02",
      year           = "2015",
      pages          = "118",
      doi            = "10.1007/JHEP02(2015)118",
      eprint         = "1407.5675",
      archivePrefix  = "arXiv",
      primaryClass   = "hep-ph",
      SLACcitation   = "%%CITATION = ARXIV:1407.5675;%%"
}

@techreport{ATL-PHYS-PUB-2017-004,
      title         = "{Identification of Hadronically-Decaying W Bosons and Top
                       Quarks Using High-Level Features as Input to Boosted
                       Decision Trees and Deep Neural Networks in ATLAS at
                       $\sqrt{s}$ = 13 TeV}",
      institution   = "CERN",
      collaboration = "ATLAS Collaboration",
      address       = "Geneva",
      number        = "ATL-PHYS-PUB-2017-004",
      month         = "Apr",
      year          = "2017",
      reportNumber  = "ATL-PHYS-PUB-2017-004",
      url           = "https://cds.cern.ch/record/2259646",
}

@article{CMS-DP-2017-013,
      title         = "{CMS Phase 1 heavy flavour identification performance and
                       developments}",
      author = "{CMS Collaboration}",
      month         = "May",
      year          = "2017",
      reportNumber  = "CMS-DP-2017-013",
      url           = "https://cds.cern.ch/record/2263802",
}

@article{Louppe:2017ipp,
      author         = "Louppe, Gilles and Cho, Kyunghyun and Becot, Cyril and
                        Cranmer, Kyle",
      title          = "{QCD-Aware Recursive Neural Networks for Jet Physics}",
      year           = "2017",
      eprint         = "1702.00748",
      archivePrefix  = "arXiv",
      primaryClass   = "hep-ph",
      SLACcitation   = "%%CITATION = ARXIV:1702.00748;%%"
}

@article{Louppe:2016ylz,
      author         = "Louppe, Gilles and Kagan, Michael and Cranmer, Kyle",
      title          = "{Learning to Pivot with Adversarial Networks}",
      year           = "2016",
      eprint         = "1611.01046",
      archivePrefix  = "arXiv",
      primaryClass   = "stat.ME",
      SLACcitation   = "%%CITATION = ARXIV:1611.01046;%%"
}

@article{Stahl:2017nlr,
      author         = "Stahl, Marian",
      title          = "{Machine learning and parallelism in the reconstruction
                        of LHCb and its upgrade}",
      collaboration  = "LHCb",
      journal        = "J. Phys. Conf. Ser.",
      volume         = "898",
      year           = "2017",
      number         = "4",
      pages          = "042042",
      doi            = "10.1088/1742-6596/898/4/042042",
      eprint         = "1710.08947",
      archivePrefix  = "arXiv",
      primaryClass   = "physics.ins-det",
      reportNumber   = "LHCB-PROC-2017-013",
      SLACcitation   = "%%CITATION = ARXIV:1710.08947;%%"
}

@article{deOliveira:2017pjk,
      author         = "de Oliveira, Luke and Paganini, Michela and Nachman,
                        Benjamin",
      title          = "{Learning Particle Physics by Example: Location-Aware
                        Generative Adversarial Networks for Physics Synthesis}",
      year           = "2017",
      eprint         = "1701.05927",
      archivePrefix  = "arXiv",
      primaryClass   = "stat.ML",
      SLACcitation   = "%%CITATION = ARXIV:1701.05927;%%"
}

@article{Paganini:2017hrr,
      author         = "Paganini, Michela and de Oliveira, Luke and Nachman,
                        Benjamin",
      title          = "{CaloGAN: Simulating 3D High Energy Particle Showers in
                        Multi-Layer Electromagnetic Calorimeters with Generative
                        Adversarial Networks}",
      year           = "2017",
      eprint         = "1705.02355",
      archivePrefix  = "arXiv",
      primaryClass   = "hep-ex",
      SLACcitation   = "%%CITATION = ARXIV:1705.02355;%%"
}

@article{Shimmin:2017mfk,
      author         = "Shimmin, Chase and Sadowski, Peter and Baldi, Pierre and
                        Weik, Edison and Whiteson, Daniel and Goul, Edward and
                        Søgaard, Andreas",
      title          = "{Decorrelated Jet Substructure Tagging using Adversarial
                        Neural Networks}",
      year           = "2017",
      eprint         = "1703.03507",
      archivePrefix  = "arXiv",
      primaryClass   = "hep-ex",
      SLACcitation   = "%%CITATION = ARXIV:1703.03507;%%"
}

@article{Cohen:2017exh,
      author         = "Cohen, Timothy and Freytsis, Marat and Ostdiek, Bryan",
      title          = "{(Machine) Learning to Do More with Less}",
      year           = "2017",
      eprint         = "1706.09451",
      archivePrefix  = "arXiv",
      primaryClass   = "hep-ph",
      SLACcitation   = "%%CITATION = ARXIV:1706.09451;%%"
}

@article{acts,
     author="A Common Tracking Software Project",
     year="2017",
     url="http://acts.web.cern.ch/ACTS/index.php",
     journal="http://acts.web.cern.ch/ACTS/index.php"}

@article{trackml,
     author="{LHC Tracking Machine Learning challenge}",
     year="2017",
     url="https://github.com/trackml",
     journal="https://github.com/trackml"}



@INPROCEEDINGS{track.ramp,
   author = {{Amrouche}, S. and {Braun}, N. and {Calafiura}, P. and {Farrell}, S. and 
	{Gemmler}, J. and {Germain}, C. and {Gligorov}, V.~V. and {Golling}, T. and 
	{Gray}, H. and {Guyon}, I. and {Hushchyn}, M. and {Innocente}, V. and 
	{K{\'e}gl}, B. and {Neuhaus}, S. and {Rousseau}, D. and {Salzburger}, A. and 
	{Ustyuzhanin}, A. and {Vlimant}, J.-R. and {Wessel}, C. and 
	{Yilmaz}, Y.},
    title = "{Track reconstruction at LHC as a collaborative data challenge use case with RAMP}",
booktitle = {European Physical Journal Web of Conferences},
     year = 2017,
   series = {European Physical Journal Web of Conferences},
   volume = 150,
    month = aug,
      eid = {00015},
    pages = {00015},
      doi = {10.1051/epjconf/201715000015},
   adsurl = {http://adsabs.harvard.edu/abs/2017EPJWC.15000015A},
  adsnote = {Provided by the SAO/NASA Astrophysics Data System}
}


@article{iml,
     author="IML",
     year="2017",
     url="https://indico.cern.ch/event/632141/",
     journal="https://indico.cern.ch/event/632141/"}

@article{implicitmodels,
     author="ICML Implicit Models",
     year="2017",
     url="https://sites.google.com/view/implicitmodels/about",
     journal="https://sites.google.com/view/implicitmodels/about"}



@article{Caron:2016hib,
      author         = "Caron, Sascha and Kim, Jong Soo and Rolbiecki, Krzysztof
                        and Ruiz de Austri, Roberto and Stienen, Bob",
      title          = "{The BSM-AI project: SUSY-AI–generalizing LHC limits on
                        supersymmetry with machine learning}",
      journal        = "Eur. Phys. J.",
      volume         = "C77",
      year           = "2017",
      number         = "4",
      pages          = "257",
      doi            = "10.1140/epjc/s10052-017-4814-9",
      eprint         = "1605.02797",
      archivePrefix  = "arXiv",
      primaryClass   = "hep-ph",
      SLACcitation   = "%%CITATION = ARXIV:1605.02797;%%"
}

@article{Bertone:2016mdy,
      author         = "Bertone, Gianfranco and Deisenroth, Marc Peter and Kim,
                        Jong Soo and Liem, Sebastian and Ruiz de Austri, Roberto
                        and Welling, Max",
      title          = "{Accelerating the BSM interpretation of LHC data with
                        machine learning}",
      year           = "2016",
      eprint         = "1611.02704",
      archivePrefix  = "arXiv",
      primaryClass   = "hep-ph",
      SLACcitation   = "%%CITATION = ARXIV:1611.02704;%%"
}


@article{Searcy:2015apa,
      author         = "Searcy, Jacob and Huang, Lillian and Pleier, Marc-André
                        and Zhu, Junjie",
      title          = "{Determination of the $WW$ polarization fractions in $pp
                        \to W^\pm W^\pm jj$ using a deep machine learning
                        technique}",
      journal        = "Phys. Rev.",
      volume         = "D93",
      year           = "2016",
      number         = "9",
      pages          = "094033",
      doi            = "10.1103/PhysRevD.93.094033",
      eprint         = "1510.01691",
      archivePrefix  = "arXiv",
      primaryClass   = "hep-ph",
      SLACcitation   = "%%CITATION = ARXIV:1510.01691;%%"
}

@techreport{ATL-PHYS-PUB-2017-003,
      institution   = "CERN",
      author = "{ATLAS Collaboration}",
      number        = "ATL-PHYS-PUB-2017-003",
      year          = "2017",
      reportNumber  = "ATL-PHYS-PUB-2017-003",
      url           = "https://cds.cern.ch/record/2255226",
}

@article{Guest:2016iqz,
      author         = "Guest, Daniel and Collado, Julian and Baldi, Pierre and
                        Hsu, Shih-Chieh and Urban, Gregor and Whiteson, Daniel",
      title          = "{Jet Flavor Classification in High-Energy Physics with
                        Deep Neural Networks}",
      journal        = "Phys. Rev.",
      volume         = "D94",
      year           = "2016",
      number         = "11",
      pages          = "112002",
      doi            = "10.1103/PhysRevD.94.112002",
      eprint         = "1607.08633",
      archivePrefix  = "arXiv",
      primaryClass   = "hep-ex",
      SLACcitation   = "%%CITATION = ARXIV:1607.08633;%%"
}

@article{Pearkes:2017hku,
      author         = "Pearkes, Jannicke and Fedorko, Wojciech and Lister,
                        Alison and Gay, Colin",
      title          = "{Jet Constituents for Deep Neural Network Based Top Quark
                        Tagging}",
      year           = "2017",
      eprint         = "1704.02124",
      archivePrefix  = "arXiv",
      primaryClass   = "hep-ex",
      SLACcitation   = "%%CITATION = ARXIV:1704.02124;%%"
}

@article{Egan:2017ojy,
      author         = "Egan, Shannon and Fedorko, Wojciech and Lister, Alison
                        and Pearkes, Jannicke and Gay, Colin",
      title          = "{Long Short-Term Memory (LSTM) networks with jet
                        constituents for boosted top tagging at the LHC}",
      year           = "2017",
      eprint         = "1711.09059",
      archivePrefix  = "arXiv",
      primaryClass   = "hep-ex",
      SLACcitation   = "%%CITATION = ARXIV:1711.09059;%%"
}

@article{Aurisano:2016jvx,
      author         = "Aurisano, A. and Radovic, A. and Rocco, D. and Himmel, A.
                        and Messier, M. D. and Niner, E. and Pawloski, G. and
                        Psihas, F. and Sousa, A. and Vahle, P.",
      title          = "{A Convolutional Neural Network Neutrino Event
                        Classifier}",
      journal        = "JINST",
      volume         = "11",
      year           = "2016",
      number         = "09",
      pages          = "P09001",
      doi            = "10.1088/1748-0221/11/09/P09001",
      eprint         = "1604.01444",
      archivePrefix  = "arXiv",
      primaryClass   = "hep-ex",
      reportNumber   = "FERMILAB-PUB-16-082-ND",
      SLACcitation   = "%%CITATION = ARXIV:1604.01444;%%"
}

@article{Acciarri:2016ryt,
      author         = "Acciarri, R. and others",
      title          = "{Convolutional Neural Networks Applied to Neutrino Events
                        in a Liquid Argon Time Projection Chamber}",
      collaboration  = "MicroBooNE",
      journal        = "JINST",
      volume         = "12",
      year           = "2017",
      number         = "03",
      pages          = "P03011",
      doi            = "10.1088/1748-0221/12/03/P03011",
      eprint         = "1611.05531",
      archivePrefix  = "arXiv",
      primaryClass   = "physics.ins-det",
      reportNumber   = "FERMILAB-PUB-16-538-ND",
      SLACcitation   = "%%CITATION = ARXIV:1611.05531;%%"
}

@article{kaggle,
      howpublished = "https://www.kaggle.com/c/higgs-boson",
      author = "Kaggle",
      year =2014,
      url = "https://www.kaggle.com/c/higgs-boson"}

@techreport{ATLAS:2010bfa,
      author         = "{ATLAS Collaboration}",
      collaboration  = "ATLAS",
      year           = "2010",
      reportNumber   = "ATL-PHYS-PUB-2010-013, ATL-COM-PHYS-2010-838",
      number = "ATL-PHYS-PUB-2010-013, ATL-COM-PHYS-2010-838",
      institution = "CERN"
}

@article{Datta:2017rhs,
      author         = "Datta, Kaustuv and Larkoski, Andrew",
      title          = "{How Much Information is in a Jet?}",
      journal        = "JHEP",
      volume         = "06",
      year           = "2017",
      pages          = "073",
      doi            = "10.1007/JHEP06(2017)073",
      eprint         = "1704.08249",
      archivePrefix  = "arXiv",
      primaryClass   = "hep-ph",
      SLACcitation   = "%%CITATION = ARXIV:1704.08249;%%"
}

@article{Cheng:2017rdo,
      author         = "Cheng, Taoli",
      title          = "{Recursive Neural Networks in Quark/Gluon Tagging}",
      year           = "2017",
      eprint         = "1711.02633",
      archivePrefix  = "arXiv",
      primaryClass   = "hep-ph",
      SLACcitation   = "%%CITATION = ARXIV:1711.02633;%%"
}


@article{Baldi:2014pta,
      author         = "Baldi, Pierre and Sadowski, Peter and Whiteson, Daniel",
      title          = "{Enhanced Higgs Boson to $\tau^+\tau^-$ Search with Deep
                        Learning}",
      journal        = "Phys. Rev. Lett.",
      volume         = "114",
      year           = "2015",
      number         = "11",
      pages          = "111801",
      doi            = "10.1103/PhysRevLett.114.111801",
      eprint         = "1410.3469",
      archivePrefix  = "arXiv",
      primaryClass   = "hep-ph",
      SLACcitation   = "%%CITATION = ARXIV:1410.3469;%%"
}

@article{Santos:2016kno,
      author         = "Santos, Roberto and Nguyen, M. and Webster, Jordan and
                        Ryu, Soo and Adelman, Jahred and Chekanov, Sergei and
                        Zhou, Jie",
      title          = "{Machine learning techniques in searches for $t\bar{t}h$
                        in the $h \rightarrow b\bar{b}$ decay channel}",
      journal        = "JINST",
      volume         = "12",
      year           = "2017",
      number         = "04",
      pages          = "P04014",
      doi            = "10.1088/1748-0221/12/04/P04014",
      eprint         = "1610.03088",
      archivePrefix  = "arXiv",
      primaryClass   = "hep-ex",
      SLACcitation   = "%%CITATION = ARXIV:1610.03088;%%"
}

@ARTICLE{dg95,
   author = {{Behnke}, T. and {Charlton}, D.~G.},
    title = "{Electroweak measurements using heavy quarks at LEP}",
  journal = {Physica Scripta},
     year = 1995,
    month = aug,
   volume = 52,
    pages = {133-157},
      doi = {10.1088/0031-8949/52/2/002},
   adsurl = {http://adsabs.harvard.edu/abs/1995PhyS...52..133B},
  adsnote = {Provided by the SAO/NASA Astrophysics Data System}
}

@ARTICLE{jetnet,
   author = {{Peterson}, C. and {R{\"o}gnvaldsson}, T. and {L{\"o}nnblad}, L.
	},
    title = "{JETNET 3.0{\mdash}A versatile artificial neural network package}",
  journal = {Computer Physics Communications},
     year = 1994,
    month = jun,
   volume = 81,
    pages = {185-220},
      doi = {10.1016/0010-4655(94)90120-1},
   adsurl = {http://adsabs.harvard.edu/abs/1994CoPhC..81..185P},
  adsnote = {Provided by the SAO/NASA Astrophysics Data System}
}

@techreport{CMS:2016kkf,
      institution   = "CERN",
      author         = "{CMS Collaboration}",
      year           = "2016",
      reportNumber   = "CMS-PAS-BTV-15-001",
      number   = "CMS-PAS-BTV-15-001",
      SLACcitation   = "%%CITATION = CMS-PAS-BTV-15-001;%%"
}

@article{Aad:2015ydr,
      author         = "{ATLAS Collaboration}",
      title          = "{Performance of $b$-Jet Identification in the ATLAS
                        Experiment}",
      collaboration  = "ATLAS",
      journal        = "JINST",
      volume         = "11",
      year           = "2016",
      number         = "04",
      pages          = "P04008",
      doi            = "10.1088/1748-0221/11/04/P04008",
      eprint         = "1512.01094",
      archivePrefix  = "arXiv",
      primaryClass   = "hep-ex",
      reportNumber   = "CERN-PH-EP-2015-216",
      SLACcitation   = "%%CITATION = ARXIV:1512.01094;%%"
}

@techreport{ATL-PHYS-PUB-2017-013,
      institution   = "CERN",
      author = "{ATLAS Collaboration}",
      number        = "ATL-PHYS-PUB-2017-013",
      month         = "Jul",
      year          = "2017",
      reportNumber  = "ATL-PHYS-PUB-2017-013",
      url           = "https://cds.cern.ch/record/2273281",
}

@article{DBLP:journals/corr/ChoMBB14,
  author    = {KyungHyun Cho and
               Bart van Merrienboer and
               Dzmitry Bahdanau and
               Yoshua Bengio},
  title     = {On the Properties of Neural Machine Translation: Encoder-Decoder Approaches},
  journal   = {CoRR},
  volume    = {abs/1409.1259},
  year      = {2014},
  url       = {http://arxiv.org/abs/1409.1259},
  archivePrefix = {arXiv},
  eprint    = {1409.1259},
  timestamp = {Wed, 07 Jun 2017 14:42:33 +0200},
  biburl    = {http://dblp.org/rec/bib/journals/corr/ChoMBB14},
  bibsource = {dblp computer science bibliography, http://dblp.org}
}

@techreport{ATLAS-CONF-2012-047,
      institution   = "CERN",
      author = "{ATLAS Collaboration}",
      number        = "ATLAS-CONF-2012-047",
      month         = "May",
      year          = "2012",
      reportNumber  = "ATLAS-CONF-2012-047",
      url           = "https://cds.cern.ch/record/1449796",
}

@article{Adam:2003kg,
      author         = "Adam, W. and Fruhwirth, R. and Strandlie, A. and Todorov,
                        T.",
      title          = "{Reconstruction of electrons with the Gaussian sum filter
                        in the CMS tracker at LHC}",
      booktitle      = "{Proceedings, 13th International Conference on Computing
                        in High-Enery and Nuclear Physics (CHEP 2003): La Jolla,
                        California, March 24-28, 2003}",
      journal        = "eConf",
      volume         = "C0303241",
      year           = "2003",
      pages          = "TULT009",
      doi            = "10.1088/0954-3899/31/9/N01",
      note           = "[J. Phys.G31,N9(2005)]",
      eprint         = "physics/0306087",
      archivePrefix  = "arXiv",
      primaryClass   = "physics.data-an",
      reportNumber   = "CHEP-2003-TULT009",
      SLACcitation   = "%%CITATION = PHYSICS/0306087;%%"
}

@ARTICLE{deepkalman1,
   author = {{Krishnan}, R.~G. and {Shalit}, U. and {Sontag}, D.},
    title = "{Deep Kalman Filters}",
  journal = {ArXiv e-prints},
archivePrefix = "arXiv",
   eprint = {1511.05121},
 primaryClass = "stat.ML",
 keywords = {Statistics - Machine Learning, Computer Science - Learning},
     year = 2015,
    month = nov,
   adsurl = {http://adsabs.harvard.edu/abs/2015arXiv151105121K},
  adsnote = {Provided by the SAO/NASA Astrophysics Data System}
}


@inproceedings{deepkalman2,
  title={Structured Inference Networks for Nonlinear State Space Models.},
  author={Krishnan, Rahul G and Shalit, Uri and Sontag, David},
  booktitle={AAAI},
  pages={2101--2109},
  year={2017}
}

@article{lecun2015deep,
  title={Deep learning},
  author={LeCun, Yann and Bengio, Yoshua and Hinton, Geoffrey},
  journal={Nature},
  volume={521},
  number={7553},
  pages={436--444},
  year={2015},
  publisher={Nature Research}
}

@article{schmidhuber2015deep, 
author = "J. Schmidhuber", 
title = "Deep Learning in Neural Networks: An Overview", 
journal = "Neural Networks", 
pages = "85-117", 
volume = "61", 
doi = "10.1016/j.neunet.2014.09.003", 
year = "2015"}

@article{hochreiter1997long,
  title={Long short-term memory},
  author={Hochreiter, Sepp and Schmidhuber, J{\"u}rgen},
  journal={Neural computation},
  volume={9},
  number={8},
  pages={1735--1780},
  year={1997},
  publisher={MIT Press}
}

@article{cho2014learning,
  title={Learning phrase representations using RNN encoder-decoder for statistical machine translation},
  author={Cho, Kyunghyun and Van Merri{\"e}nboer, Bart and Gulcehre, Caglar and Bahdanau, Dzmitry and Bougares, Fethi and Schwenk, Holger and Bengio, Yoshua},
  journal={arXiv preprint arXiv:1406.1078},
  year={2014}
}

@article{Hocker:2007ht,
      author         = "Hocker, Andreas and others",
      title          = "{TMVA - Toolkit for Multivariate Data Analysis}",
      booktitle      = "{Proceedings, 11th International Workshop on Advanced
                        computing and analysis techniques in physics research
                        (ACAT 2007): Amsterdam, Netherlands, April 23-27, 2007}",
      journal        = "PoS",
      volume         = "ACAT",
      year           = "2007",
      pages          = "040",
      eprint         = "physics/0703039",
      archivePrefix  = "arXiv",
      primaryClass   = "PHYSICS",
      reportNumber   = "CERN-OPEN-2007-007",
      SLACcitation   = "%%CITATION = PHYSICS/0703039;%%"
}

@article{cms2014observation,
  author="{CMS collaboration}",
  journal        = "Eur. Phys. J.",
      volume         = "C74",
      year           = "2014",
      number         = "10",
      pages          = "3076",
      doi            = "10.1140/epjc/s10052-014-3076-z",
      eprint         = "1407.0558",
      archivePrefix  = "arXiv"
}

@article {Mjolsness2051,
	author = {Mjolsness, Eric and DeCoste, Dennis},
	title = {Machine Learning for Science: State of the Art and Future Prospects},
	volume = {293},
	number = {5537},
	pages = {2051--2055},
	year = {2001},
	doi = {10.1126/science.293.5537.2051},
	publisher = {American Association for the Advancement of Science},
	abstract = {Recent advances in machine learning methods, along with successful applications across a wide variety of fields such as planetary science and bioinformatics, promise powerful new tools for practicing scientists. This viewpoint highlights some useful characteristics of modern machine learning methods and their relevance to scientific applications. We conclude with some speculations on near-term progress and promising directions.},
	issn = {0036-8075},
	URL = {http://science.sciencemag.org/content/293/5537/2051},
	eprint = {http://science.sciencemag.org/content/293/5537/2051.full.pdf},
	journal = {Science}
}


@ARTICLE{2014arXiv1412.4446A,
   author = {{Ajakan}, H. and {Germain}, P. and {Larochelle}, H. and {Laviolette}, F. and 
	{Marchand}, M.},
    title = "{Domain-Adversarial Neural Networks}",
  journal = {ArXiv e-prints},
archivePrefix = "arXiv",
   eprint = {1412.4446},
 primaryClass = "stat.ML",
 keywords = {Statistics - Machine Learning, Computer Science - Learning, Computer Science - Neural and Evolutionary Computing},
     year = 2014,
    month = dec,
   adsurl = {http://adsabs.harvard.edu/abs/2014arXiv1412.4446A},
  adsnote = {Provided by the SAO/NASA Astrophysics Data System}
}

@article{Gligorov:2012qt,
      author         = "Gligorov, V. V. and Williams, Mike",
      title          = "{Efficient, reliable and fast high-level triggering using
                        a bonsai boosted decision tree}",
      journal        = "JINST",
      volume         = "8",
      year           = "2013",
      pages          = "P02013",
      doi            = "10.1088/1748-0221/8/02/P02013",
      eprint         = "1210.6861",
      archivePrefix  = "arXiv",
      primaryClass   = "physics.ins-det",
      SLACcitation   = "%%CITATION = ARXIV:1210.6861;%%"
}

@article{Stahl:2260684,
      author        = "Stahl, Marian",
      title         = "{Machine learning and parallelism in
                       the reconstruction of LHCb and its upgrade}",
      journal       = "J. Phys. : Conf. Ser.",
      collaboration = "LHCb Collaboration",
      number        = "LHCB-PROC-2017-013. CERN-LHCb-PROC-2017-013",
      volume        = "898",
      pages         = "042042. 8 p",
      month         = "Apr",
      year          = "2017",
      reportNumber  = "LHCB-PROC-2017-013",
      url           = "https://cds.cern.ch/record/2260684"
}

@misc{lwtnn,
  author       = {Daniel Hay Guest and
                  Joshua Wyatt Smith and
                  Michela Paganini and
                  Michael Kagan and
                  Marie Lanfermann and
                  Attila Krasznahorkay},
  title        = {lwtnn},
  month        = dec,
  year         = 2017,
  note          = {10.5281/zenodo.597221},
  url          = {https://doi.org/10.5281/zenodo.597221}
}

@misc{theano,
  title={Theano},
  year= {2017},
  howpublished={\url{http://deeplearning.net/software/theano/}}
}

@misc{tensorflow,
  title={TensorFlow},
  year=2016,
  howpublished={\url{https://www.tensorflow.org/}}
}

@misc{chollet2015keras,
  title={Keras},
  author={Chollet, Fran\c{c}ois and others},
  year={2015},
  publisher={GitHub},
  howpublished={\url{https://github.com/fchollet/keras}},
}

@misc{matlist,
  publisher={GitHub},
  note={For a list of useful tools and references bridging the gap between collider physics and machine learning, see the following repository: \texttt{https://github.com/iml-wg/HEP-ML-Resources}}
}

@misc{onnx,
  title={Open Neural Network Exchange},
  year={2017},
  publisher={GitHub},
  howpublished={\texttt{https://github.com/onnx/onnx}},
}

@article{Aaboud:2017all,
      author         = "{ATLAS Collaboration}",
      title          = "{Performance of the ATLAS Track Reconstruction Algorithms
                        in Dense Environments in LHC Run 2}",
      collaboration  = "ATLAS",
      journal        = "Eur. Phys. J.",
      volume         = "C77",
      year           = "2017",
      number         = "10",
      pages          = "673",
      doi            = "10.1140/epjc/s10052-017-5225-7",
      eprint         = "1704.07983",
      archivePrefix  = "arXiv",
      primaryClass   = "hep-ex",
      reportNumber   = "CERN-EP-2017-045",
      SLACcitation   = "%%CITATION = ARXIV:1704.07983;%%"
}

@article{Rosenfeld:1966:SOD:321356.321357,
 author = {Rosenfeld, Azriel and Pfaltz, John L.},
 title = {Sequential Operations in Digital Picture Processing},
 journal = {J. ACM},
 issue_date = {Oct. 1966},
 volume = {13},
 number = {4},
 month = oct,
 year = {1966},
 issn = {0004-5411},
 pages = {471--494},
 numpages = {24},
 url = {http://doi.acm.org/10.1145/321356.321357},
 doi = {10.1145/321356.321357},
 acmid = {321357},
 publisher = {ACM},
 address = {New York, NY, USA},
}

@ARTICLE{2014arXiv1409.0575R,
   author = {{Russakovsky}, O. and {Deng}, J. and {Su}, H. and {Krause}, J. and 
	{Satheesh}, S. and {Ma}, S. and {Huang}, Z. and {Karpathy}, A. and 
	{Khosla}, A. and {Bernstein}, M. and {Berg}, A.~C. and {Fei-Fei}, L.
	},
    title = "{ImageNet Large Scale Visual Recognition Challenge}",
  journal = {ArXiv e-prints},
archivePrefix = "arXiv",
   eprint = {1409.0575},
 primaryClass = "cs.CV",
 keywords = {Computer Science - Computer Vision and Pattern Recognition, I.4.8, I.5.2},
     year = 2014,
    month = sep,
   adsurl = {http://adsabs.harvard.edu/abs/2014arXiv1409.0575R},
  adsnote = {Provided by the SAO/NASA Astrophysics Data System}
}

@article{DBLP:journals/corr/DinhKB14,
  author    = {Laurent Dinh and
               David Krueger and
               Yoshua Bengio},
  title     = {{NICE:} Non-linear Independent Components Estimation},
  journal   = {CoRR},
  volume    = {abs/1410.8516},
  year      = {2014},
  url       = {http://arxiv.org/abs/1410.8516},
  archivePrefix = {arXiv},
  eprint    = {1410.8516},
  timestamp = {Wed, 07 Jun 2017 14:40:21 +0200},
  biburl    = {http://dblp.org/rec/bib/journals/corr/DinhKB14},
  bibsource = {dblp computer science bibliography, http://dblp.org}
}

@ARTICLE{2015arXiv150505770J,
   author = {{Jimenez Rezende}, D. and {Mohamed}, S.},
    title = "{Variational Inference with Normalizing Flows}",
  journal = {ArXiv e-prints},
archivePrefix = "arXiv",
   eprint = {1505.05770},
 primaryClass = "stat.ML",
 keywords = {Statistics - Machine Learning, Computer Science - Artificial Intelligence, Computer Science - Learning, Statistics - Computation, Statistics - Methodology},
     year = 2015,
    month = may,
   adsurl = {http://adsabs.harvard.edu/abs/2015arXiv150505770J},
  adsnote = {Provided by the SAO/NASA Astrophysics Data System}
}

@inproceedings{larochelle2011neural,
  title={The neural autoregressive distribution estimator},
  author={Larochelle, Hugo and Murray, Iain},
  booktitle={Proceedings of the Fourteenth International Conference on Artificial Intelligence and Statistics},
  pages={29--37},
  year={2011}
}

@inproceedings{papamakarios2017masked,
  title={Masked autoregressive flow for density estimation},
  author={Papamakarios, George and Murray, Iain and Pavlakou, Theo},
  booktitle={Advances in Neural Information Processing Systems},
  pages={2335--2344},
  year={2017}
}

@article{kingma2016improving,
  title={Improving variational inference with inverse autoregressive flow},
  author={Kingma, Diederik P and Salimans, Tim and Welling, Max},
  journal={arXiv preprint arXiv:1606.04934},
  year={2016}
}

@article{Cranmer:2016lzt,
      author         = "Cranmer, Kyle and Louppe, Gilles",
      title          = "{Unifying generative models and exact likelihood-free
                        inference with conditional bijections}",
      journal        = "J. Brief Ideas",
      year           = "2016",
      note            = "10.5281/zenodo.198541",
      SLACcitation   = "%%CITATION = INSPIRE-1503115;%%"
}


@article{TOSI20162494,
author = "{CMS Collaboratin}",
journal = "Nuclear and Particle Physics Proceedings",
volume = "273-275",
pages = "2494 - 2496",
year = "2016",
note = "37th International Conference on High Energy Physics (ICHEP)",
issn = "2405-6014",
doi = "https://doi.org/10.1016/j.nuclphysbps.2015.09.436",
url = "http://www.sciencedirect.com/science/article/pii/S2405601415009256",
author = "M. Tosi",
keywords = "HEP, trigger, tracking, CMS, LHC"
}

@techreport{Salzburger:2018442,
      author        = "Salzburger, Andreas",
      institution   = "CERN",
      number        = "ATL-SOFT-PROC-2015-056. 7",
      month         = "May",
      year          = "2015",
      reportNumber  = "ATL-SOFT-PROC-2015-056",
      url           = "https://cds.cern.ch/record/2018442",
}

@techreport{MachadoMiguens:2230025,
      author        = "Machado Miguens, Joana",
      institution   = "CERN",
      collaboration = "ATLAS Collaboration",
      number        = "ATL-DAQ-PROC-2016-025",
      month         = "Nov",
      year          = "2016",
      reportNumber  = "ATL-DAQ-PROC-2016-025",
      url           = "https://cds.cern.ch/record/2230025",
}
